<record><leader>00000cas a2200000 a 4500</leader><controlfield tag="001">7050320</controlfield><controlfield tag="008">810107d18261828riuwr ne      0   a0eng  </controlfield><controlfield tag="009">551</controlfield><datafield ind1=" " ind2=" " tag="010"><subfield code="a">sn 91070527 </subfield></datafield><datafield ind1=" " ind2=" " tag="040"><subfield code="a">BTI</subfield><subfield code="b">eng</subfield><subfield code="c">BTI</subfield><subfield code="d">RHN</subfield><subfield code="d">DLC</subfield><subfield code="d">KNP</subfield><subfield code="d">OCL</subfield><subfield code="d">GUA</subfield><subfield code="d">DLC</subfield><subfield code="d">OCLCA</subfield><subfield code="d">OCLCF</subfield></datafield><datafield ind1=" " ind2=" " tag="012"><subfield code="l">1</subfield></datafield><datafield ind1=" " ind2=" " tag="019"><subfield code="a">1554496</subfield></datafield><datafield ind1="0" ind2=" " tag="022"><subfield code="a">2157-8303</subfield><subfield code="2">1</subfield></datafield><datafield ind1="1" ind2=" " tag="029"><subfield code="a">AU@</subfield><subfield code="b">000020125192</subfield></datafield><datafield ind1=" " ind2=" " tag="042"><subfield code="a">pcc</subfield><subfield code="a">nsdp</subfield></datafield><datafield ind1="1" ind2="0" tag="050"><subfield code="a">ISSN RECORD</subfield></datafield><datafield ind1="1" ind2="0" tag="082"><subfield code="a">289</subfield><subfield code="2">14</subfield></datafield><datafield ind1=" " ind2="0" tag="222"><subfield code="a">Christian telescope and Universalist miscellany</subfield></datafield><datafield ind1="0" ind2="0" tag="245"><subfield code="a">Christian telescope and Universalist miscellany.</subfield></datafield><datafield ind1=" " ind2=" " tag="260"><subfield code="a">Providence, R.I. :</subfield><subfield code="b">J.S. Greene,</subfield><subfield code="c">1826-1828.</subfield></datafield><datafield ind1=" " ind2=" " tag="300"><subfield code="a">v.</subfield></datafield><datafield ind1=" " ind2=" " tag="310"><subfield code="a">Weekly</subfield></datafield><datafield ind1="0" ind2=" " tag="362"><subfield code="a">Vol. 3, no. 1 (Aug. 12, 1826)-v. 4, no. 52 (Oct. 2 [i.e. 4] 1828).</subfield></datafield><datafield ind1=" " ind2=" " tag="515"><subfield code="a">Suspended with Oct. 28, 1826 issue; resumed with Nov. 25, 1826 issue. Suspended with Apr. 5, 1828 issue; resumed with May 10, 1828 issue.</subfield></datafield><datafield ind1=" " ind2=" " tag="530"><subfield code="a">Also issued online and on microfilm from University Microfilms (American periodicals series: 1800-1850).</subfield></datafield><datafield ind1=" " ind2="0" tag="650"><subfield code="a">Universalism</subfield><subfield code="v">Newspapers.</subfield></datafield><datafield ind1=" " ind2="0" tag="651"><subfield code="a">Providence (R.I.)</subfield><subfield code="v">Newspapers.</subfield></datafield><datafield ind1=" " ind2="7" tag="655"><subfield code="a">Newspapers.</subfield><subfield code="2">fast</subfield><subfield code="0">(OCoLC)fst01423814</subfield></datafield><datafield ind1=" " ind2="7" tag="650"><subfield code="a">Universalism.</subfield><subfield code="2">fast</subfield><subfield code="0">(OCoLC)fst01161574</subfield></datafield><datafield ind1=" " ind2="7" tag="651"><subfield code="a">Rhode Island</subfield><subfield code="z">Providence.</subfield><subfield code="2">fast</subfield><subfield code="0">(OCoLC)fst01204977</subfield></datafield><datafield ind1=" " ind2=" " tag="752"><subfield code="a">United States</subfield><subfield code="b">Rhode Island</subfield><subfield code="c">Providence</subfield><subfield code="d">Providence.</subfield></datafield><datafield ind1="1" ind2=" " tag="776"><subfield code="t">Christian telescope and Universalist miscellany</subfield><subfield code="w">(DLC)sf 89090887</subfield><subfield code="w">(OCoLC)9363853</subfield></datafield><datafield ind1="1" ind2=" " tag="776"><subfield code="t">Christian telescope and Universalist miscellany (Online)</subfield><subfield code="w">(DLC)  2009233238</subfield><subfield code="w">(OCoLC)302291183</subfield></datafield><datafield ind1="0" ind2="0" tag="780"><subfield code="t">Christian telescope</subfield><subfield code="w">(DLC)   11015016</subfield><subfield code="w">(OCoLC)7050306</subfield></datafield><datafield ind1="0" ind2="0" tag="785"><subfield code="t">Christian telescope and Friday morning general intelligencer</subfield><subfield code="w">(DLC)sn 91070520</subfield><subfield code="w">(OCoLC)24346624</subfield></datafield><datafield ind1="0" ind2="8" tag="776"><subfield code="i">Online version:</subfield><subfield code="t">Christian telescope and Universalist miscellany</subfield><subfield code="w">(OCoLC)793611328</subfield></datafield><datafield ind1="4" ind2="1" tag="856"><subfield code="u">http://proquest.umi.com/pqdweb?RQT=318&amp;VName=HNP&amp;pmid=000041129&amp;PageNum=1&amp;TS=1237993601&amp;clientId=30345</subfield></datafield><datafield ind1="4" ind2="1" tag="856"><subfield code="u">http://gateway.proquest.com/openurl?url_ver=Z39.88-2004&amp;res_dat=xri:pqd::hnp&amp;rft_val_fmt=info:ofi/fmt:kev:mtx:journal&amp;rft_dat=xri:pqd:PMID=41129</subfield></datafield></record>